<?xml version="1.0" encoding="UTF-8"?><collection xmlns="http://www.loc.gov/MARC21/slim"><record><leader>00474nam--2200145-i-4500</leader><controlfield tag="001">000022341</controlfield><controlfield tag="002">20161230</controlfield><controlfield tag="005">20170121210054</controlfield><controlfield tag="008">060222s1000------------r-----000-0-eng-d</controlfield><datafield ind1=" " ind2=" " tag="100"><subfield code="a">Haraga, Constantin</subfield></datafield><datafield ind1=" " ind2=" " tag="245"><subfield code="a">Etude analogique de l`empoisonnement xenon et samarium dans le reacteur nucleaire vvr-r de 2mw de l`inst.de phys.atomique de Bucarest</subfield></datafield><datafield ind1=" " ind2=" " tag="260"><subfield code="a">Cadarache</subfield><subfield code="b">Centre D`Etudes Nucleaire</subfield><subfield code="c">1964</subfield></datafield><datafield ind1=" " ind2=" " tag="300"><subfield code="a">10 p</subfield></datafield><datafield ind1=" " ind2=" " tag="852"><subfield code="a">20027</subfield></datafield><datafield ind1=" " ind2=" " tag="CAT"><subfield code="a">SYS</subfield><subfield code="c">20170121</subfield><subfield code="h">210054</subfield></datafield></record></collection>